<?xml version="1.0" encoding="UTF-8"?><collection xmlns="http://www.loc.gov/MARC21/slim"><record><leader>00431nam--2200145-i-4500</leader><controlfield tag="001">000022143</controlfield><controlfield tag="002">20161230</controlfield><controlfield tag="005">20161230201034</controlfield><controlfield tag="008">060222s1000------------r-----000-0-eng-d</controlfield><datafield ind1=" " ind2=" " tag="080"><subfield code="a">543.422</subfield></datafield><datafield ind1=" " ind2=" " tag="100"><subfield code="a">Hovi, Vaino And Pautamo, Ysrjo</subfield></datafield><datafield ind1=" " ind2=" " tag="245"><subfield code="a">On the vibrational and zero point energies of alkali halides</subfield></datafield><datafield ind1=" " ind2=" " tag="260"><subfield code="a">Helsinki, Suomalainen Tiedeakatemia, 1961. 11p</subfield></datafield><datafield ind1=" " ind2=" " tag="490"><subfield code="a">Ann.Acad.Scient.Fennicae, Physica</subfield></datafield><datafield ind1=" " ind2=" " tag="852"><subfield code="a">6361</subfield></datafield></record></collection>